@misc {Schiappa2019HowDoesAutonomous,
   title = {https://towardsdatascience.com/slam-intro-fd833ef29e4e},
   url = {https://towardsdatascience.com/slam-intro-fd833ef29e4e},
   author = {Madeline Schiappa},
   year = {2019}
}

@misc {GeoWeekNewsStaff2018NanoMap,
   title = {NanoMap: Because SLAM is too slow for fast drones},
   url = {https://www.geoweeknews.com/blogs/nanomap-slam-slow-fast-drones},
   author = {Geo Week News Staff},
   year = {2018}
}

@misc {BryantSolvingAMaze,
   title = {Soling a maze using graph algorithms by Clara},
   url = {https://slidetodoc.com/solving-a-maze-using-graph-algorithms-by-clara/},
   author = {Clara Bryant},
}

@book {Mataric2008TheRoboticsPrimer,
   author = {Maja J. Mataric},
   publisher = {The MIT Press},
   title = {The Robotics Primer},
   year = {2008}
}

@misc {EthicalOverview,
   author = {Hansson},
   url = {https://doi.org/10.1007/s13347-021-00464-5}, 
   year = {2021},
   title = {Self-Driving Vehicles—an Ethical Overview.},
}

@msic {AutonomousAccidents,
   author = {Teagan Ampe},
   url = {https://vce.usc.edu/volume-4-issue-2/autonomous-accidents-the-ethics-of-self-driving-car-crashes/},
   year = {2020},
   title = {Autonomous Accidents: The Ethics of Self-Driving Car Crashe},
}

@misc {TrolleyProblem,
   url = {https://www.merriam-webster.com/words-at-play/trolley-problem-moral-philosophy-ethics#:~:text=The%20trolley%20problem%20is%20a,to%20kill%20just%201%20person.},
   title = {Next Stop: ‘Trolley Problem’}
}
